<?xml version="1.0" encoding="UTF-8"?><collection xmlns="http://www.loc.gov/MARC21/slim"><record><leader>00364nam--2200121-i-4500</leader><controlfield tag="001">000025134</controlfield><controlfield tag="002">20161230</controlfield><controlfield tag="005">20161230201035</controlfield><controlfield tag="008">060222s1000------------r-----000-0-eng-d</controlfield><datafield ind1=" " ind2=" " tag="245"><subfield code="a">Metode de separare in chimia analitica. vol.ii</subfield></datafield><datafield ind1=" " ind2=" " tag="260"><subfield code="a">Bucuresti,Centrul De Documentare Al Industriei Chimice Si Petroliere,1971.305 P</subfield></datafield><datafield ind1=" " ind2=" " tag="700"><subfield code="a">Baiulescu, George</subfield></datafield><datafield ind1=" " ind2=" " tag="852"><subfield code="a">34832</subfield></datafield></record></collection>